@book{libro,
  author = {Mittelbach, Frank and  Fischer, Ulrike},
  publisher = {Addison-Wesley},
  title = {The \LaTeX\ Companion},
  year = {2024},
  isbn = {978-0138166489},
  edition = {3},
}

@inbook{capitulo,
  title     = {{Getting Started with Cloud Computing: A LITA Guide}},
  author    = {Cervone, H. Frank},
  editor    = {Corrado, Edward M. and  Moulaison, Heather Lea},
  chapter   = {{Cloud Computing: Pros and Cons}},
  publisher = {{Neal-Schuman Publishers, Inc}},
  year      = {2011},
  isbn      = {978-1-55570-749-1},
  pages     = {30-31}
}

@article{fernandez2023pwa,
  author    = {Fernández, M. and García, L.},
  title     = {Progressive Web Apps en Django: diseño e implementación},
  journal   = {Journal of Web Engineering},
  year      = {2023},
  volume    = {18},
  number    = {2},
  pages     = {123--140},
}

@article{irjet2023pwa,
  title     = {Interactive E‑Commerce Progressive Web Application},
  author    = {Anonymous},
  journal   = {International Research Journal of Engineering and Technology},
  year      = {2023},
  url       = {https://www.irjet.net/archives/V8/i4/PIT/ICIETET-23.pdf},
}

@book{fenollosa2022spa,
  author    = {Fenollosa, Andros},
  title     = {Building SPAs with Django and HTML Over the Wire},
  publisher = {Packt},
  year      = {2022},
}


@article{hashemi2025reactive,
  author    = {Hashemi, Nima},
  title     = {Spring Boot Reactive Programming: A Comprehensive Guide},
  journal   = {Medium},
  year      = {2025},
}


@book{shore2007art,
  author    = {Shore, James and Warden, Shane},
  title     = {The Art of Agile Development},
  publisher = {Pragmatic Bookshelf},
  year      = {2007},
}

@techreport{abrahamsson2017review,
  author    = {Abrahamsson, Pekka and Salo, Outi and Ronkainen, Jussi and Warsta, Juhani},
  title     = {Agile Software Development Methods: Review and Analysis},
  institution = {arXiv},
  year      = {2017},
}

@techreport{dingsoyr2019scale,
  author    = {Dingsøyr, Torgeir and Falessi, Davide and Power, Ken},
  title     = {Agile Development at Scale: The Next Frontier},
  institution = {arXiv},
  year      = {2019},
}

@techreport{shaydulin2017toagile,
  author    = {Shaydulin, Ruslan and Sybrandt, Justin},
  title     = {To Agile, or not to Agile: A Comparison of Software Development Methodologies},
  institution = {arXiv},
  year      = {2017},
}

@book{highsmith2004agile,
  author    = {Highsmith, Jim},
  title     = {Agile Project Management: Creating Innovative Products},
  publisher = {Pearson/Addison-Wesley},
  year      = {2004},
  isbn      = {0-321-21977-5},
}

@book{poppendieck2003lean,
  author    = {Poppendieck, Mary and Poppendieck, Tom},
  title     = {Lean Software Development: An Agile Toolkit},
  publisher = {Addison-Wesley},
  year      = {2003},
}

@article{mazlum2015cpm,
	title={{CPM, PERT and project management with fuzzy logic technique and implementation on a business}},
	author={Mazlum, Mete and G{\"u}neri, Ali Fuat},
	journal={Procedia-Social and Behavioral Sciences},
	volume={210},
	pages={348--357},
	year={2015},
	publisher={Elsevier},
	doi = {10.1016/j.sbspro.2015.11.378}
} 

 @inproceedings{ilieva2004analyses,
 title={Analyses of an agile methodology implementation},
 author={Ilieva, Sylvia and Ivanov, Penko and Stefanova, Eliza},
 booktitle={Proceedings. 30th Euromicro Conference, 2004.},
 pages={326--333},
 year={2004},
 organization={IEEE},
 doi = {10.1109/EURMIC.2004.1333387}
 }

@article{vhc2023restlit,
  author    = {Foster, Jonathan and colegas},
  title     = {A Qualitative Study of REST API Design and Specification Practices},
  journal   = {Proceedings of Vlhcc},
  year      = {2023},
}

@article{matcha2025restbest,
  author    = {Matcha, Sasibhushana and Solanki, Saurabh and Taqa, Amer Research},
  title     = {RESTful API Design and Implementation: Best Practices for Building Scalable and Maintainable Web Services},
  journal   = {ResearchGate},
  year      = {2025},
}

@techreport{kit2014restbestpractice,
  author    = {Karlsruhe Institute of Technology},
  title     = {Best Practices for the Design of RESTful Web Services},
  institution = {KIT},
  year      = {2014},
}

@article{rodriguez2018restanalysis,
  author    = {Rodríguez, Carlos and Baez, Marcos and Daniel, Florian and otros},
  title     = {REST APIs: A Large-Scale Analysis of Compliance with Principles and Best Practices},
  journal   = {ResearchGate},
  year      = {2018},
}

@techreport{kotstein2021restdelphi,
  author    = {Kotstein, Sebastian and Bogner, Justus},
  title     = {Which RESTful API Design Rules Are Important and How Do They Improve Software Quality? A Delphi Study with Industry Experts},
  institution = {arXiv},
  year      = {2021},
}

@article{ologunebi2023seo,
  author    = {Ologunebi, John Olatunde and Taiwo, Ebenezer Obafemi},
  title     = {The Importance of SEO and SEM in improving brand visibility in E-commerce: A study of Decathlon, Amazon and ASOS},
  journal   = {MPRA, University of Munich},
  year      = {2023},
}

@article{ijfmr2023seo_sem,
  author    = {Bhandari, Ravneet Singh and Bansal, Ajay},
  title     = {How SEO and SEM increases the sales of a Business?},
  journal   = {IJFMR},
  year      = {2023},
}

@article{osan2023seo_sem_general,
  author    = {Osan, Ali},
  title     = {SEARCH ENGINE OPTIMIZATION (SEO) and SEARCH ENGINE MARKETING (SEM)},
  journal   = {ResearchGate},
  year      = {2023},
}

@techreport{panchal2021digitalmarketing,
  author    = {Panchal, Aarchi and Shah, Akshita and Kansara, Krishna},
  title     = {Digital Marketing – Search Engine Optimization (SEO) and Search Engine Marketing (SEM)},
  institution = {IRJIET},
  year      = {2021},
}

 @misc{cotizacion:web,
	author       = {Gobierno de España},
	title        = {{Inicio  Trabajadores  Cotización / Recaudación de Trabajadores Bases y tipos de cotización 2024}},
	url          = {https://www.seg-social.es/wps/portal/wss/internet/Trabajadores/CotizacionRecaudacionTrabajadores/36537},
	year         = {2024},
	month        = {Nov},
	note         = {Visitado en Noviembre de 2024}
} 

@software{jsoup,
  author = {Jonathan Hedley and jsoup contributors},
  title = {jsoup: Java HTML Parser},
  year = {2025},
  url = {https://jsoup.org},
    note         = {Visitado en Mayo de 2025}
}


@software{openapi,
  author = {OpenAPI Initiative},
  title = {OpenAPI Initiative},
  year = {2025},
  url = {https://www.openapis.org/},
    note         = {Visitado en Mayo de 2025}
}

@software{lighthouse:web,
  title        = {Lighthouse},
  author       = {{Google}},
  howpublished = {\url{https://developer.chrome.com/docs/lighthouse/overview?hl=es-419}},
  year         = {2025},
   note         = {Visitado en Mayo de 2025}
}

@software{jmeter:web,
  title        = {Apache JMeter},
  author       = {{Apache Software Foundation}},
  howpublished = {\url{https://jmeter.apache.org/}},
  year         = {2024},
   note         = {Visitado en Mayo de 2025}
}

@software{swagger,
  author = {Swagger},
  title = {Swagger},
  year = {2025},
  url = {https://swagger.io/why-swagger/},
    note         = {Visitado en Mayo de 2025}
}

@software{owasp-zap:web,
  author = {Checkmarx},
  title = {Zap},
  year = {2025},
  url = {https://www.zaproxy.org/},
    note         = {Visitado en Mayo de 2025}
}
@book{houston2013instant,
  title={Instant jsoup How-to},
  author={Houston, Pete},
  year={2013},
  publisher={Packt Publishing Ltd}
}

@software{githubcopilot:web,
  author       = {GitHub},
  title        = {{GitHub Copilot}},
  year         = {2025},
  month        = {May},
  url          = {https://visualstudio.microsoft.com/es/github-copilot/},
  note         = {isitado en Mayo de 2025}
}

@software{maven:web,
  author       = {Apache Software Foundation},
  title        = {{Maven}},
  year         = {2025},
  month        = {May},
  url          = {https://maven.apache.org/},
    note         = {Visitado en Mayo de 2025}
}

@software{cypress:web,
  author       = {Cypress.io},
  title        = {{Cypress}},
  year         = {2025},
  month        = {May},
  url          = {https://www.cypress.io/},
    note         = {Visitado en Mayo de 2025}
}

@software{junit:web,
  author       = {JUnit 5},
  title        = {{JUnit 5}},
  year         = {2025},
  month        = {May},
  url          = {https://junit.org/junit5/},
    note         = {Visitado en Mayo de 2025}
}

@online{g-trends:2025,
  author       = {Google},
  title        = {{Google Trends}},
  year         = {2025},
  month        = {May},
  url          = {https://trends.google.es/trends/explore?cat=67&date=today%205-y&geo=ES&q=chelva,titaguas,tuejar&hl=es},
    note         = {Visitado en Mayo de 2025}
}

@online{turismorural:2025,
  author       = {Instituro Nacional de Estadística},
  title        = {{Turismo rural}},
  year         = {2025},
  month        = {May},
  url          = {https://www.ine.es/consul/serie.do?s=EOT1145&c=2&nult=100},
    note         = {Visitado en Mayo de 2025}
}

@software{mockito:web,
  author       = {Open Source Initiative},
  title        = {{Mockito}},
  year         = {2025},
  month        = {May},
  url          = {https://site.mockito.org/},
    note         = {Visitado en Mayo de 2025}
}
@software{postman:web,
  author       = {2025 Postman, Inc.},
  title        = {{Postman}},
  year         = {2025},
  month        = {May},
  url          = {https://www.postman.com/},
  note         = {Visitado en Mayo de 2025}
}



@online{openmeteo:2025,
	author       = {Open-meteo},
	title        = {{Weather API}},
	url          ={https://open-meteo.com/en/docs},
	year         = {2025},
	month        = {Apr},
	note         = {Visitado en Abril de 2025}
}
@online{amortizacion:2024,
	author       = {Agencia Tributaria},
	title        = {{Tabla de amortización simplificada}},
	url          ={https://sede.agenciatributaria.gob.es/Sede/ayuda/manuales-videos-folletos/manuales-practicos/folleto-actividades-economicas/3-impuesto-sobre-renta-personas-fisicas/3_5-estimacion-directa-simplificada/3_5_4-tabla-amortizacion-simplificada.html},
	year         = {2024},
	month        = {Nov},
	note         = {Visitado en Noviembre de 2024}
}

@online{salarios:2024,
	author       = {Michael Page},
	title        = {{Estudio de remuneración 2024}},
	url          ={https://www.michaelpage.es/sites/michaelpage.es/files/estudio_remuneracion_tecnologia_2024.pdf},
	year         = {2024},
	month        = {Nov},
	note         = {Visitado en Noviembre de 2024}
}
@online{api:instagram,
  author       = {Facebook},
  title        = {Instagram API with Instagram Login Overview},
  year         = {2024},
  howpublished = {Página web},
  url          = {https://developers.facebook.com/docs/instagram-platform/instagram-api-with-instagram-login/overview},
    note         = {Visitado en Mayo de 2025}
}

@manual{pgfgant:website,
author       = {CTAN},
title        = {{Comprehensive TEX Archive Network}},
url          = {https://www.ctan.org/pkg/pgfgantt},
year         = {2024},
month        = {Nov},
note         = {Visitado en Febrero de 2021}
}

 @software{website,
  author   = {{Microsoft}},
  title    = {{Visual Studio Code}},
  year     = {2024},
  url      = {https://code.visualstudio.com},
    note         = {Visitado en Mayo de 2025}
}



@inproceedings{conferencia,
  author     = {Fielding, Roy Thomas and Taylor, Richard N.},
  title      = {Principled Design of the Modern Web Architecture},
  year       = {2000},
  month      = {6},
  isbn       = {1581132069},
  publisher  = {Association for Computing Machinery},
  address    = {New York, NY, USA},
  doi        = {10.1145/337180.337228},
  booktitle  = {Proceedings of the 22nd International Conference on Software Engineering},
  pages      = {407–416},
  numpages   = {10},
  keywords   = {software architectural style, WWW, software architecture},
  location   = {Limerick, Ireland},
  series     = {ICSE '00}
}

@phdthesis{tesis,
  author   = {Fielding, Roy Thomas},
  title    = {{Architectural Styles and the Design of Network-based Software Architectures}},
  school   = {University of California},
  year     = {2000},
  address  = {Irvine},
  url      = {https://www.ics.uci.edu/~fielding/pubs/dissertation/fielding_dissertation.pdf},
}

@article{articulo,
  author     = {Fielding, Roy Thomas and Taylor, Richard N.},
  title      = {{Principled Design of the Modern Web Architecture}},
  year       = {2002},
  publisher  = {{Association for Computing Machinery}},
  address    = {New York, NY, USA},
  volume     = {2},
  number     = {2},
  issn       = {1533-5399},
  doi        = {10.1145/514183.514185},
  journal    = {{ACM Transactions on Internet Technology}},
  month      = {5},
  pages      = {115–150},
  numpages   = {36}
}

@techreport{manual,
  title    = {{Django Documentation}},
  author   = {{Django Software Foundation}},
  month    = {7},
  year     = {2024},
  type     = {Manual},
  number   = {Release 4.1.4},
  url      = {https://buildmedia.readthedocs.org/media/pdf/django/4.1.x/django.pdf},
}

@techreport{informe,
  type        = {Standard},
  key         = {IETF RFC 6455},
  month       = {12},
  year        = {2011},
  title       = {{The WebSocket Protocol}},
  institution = {{Internet Engineering Task Force (IETF)}},
  author      = {Melnikov, Alexey},
  url         = {https://tools.ietf.org/html/rfc6455},
  keywords    = {T7}
}

@techreport{informe-especifico,
  doi       = {10.6028/nist.sp.800-145},
  OPTurl       = {https://doi.org/10.6028/nist.sp.800-145},
  year      = {2011},
  number    = {800-145},
  type      = {{NIST Special Publication}},
  publisher = {National Institute of Standards and Technology},
  author    = {Mell, Peter and Grance, Tim},
  title     = {{The NIST Definition of Cloud Computing}}
}


@mastersthesis{tfm,
  title  = {{A comparison between agile and traditional software development methodologies}},
  author = {Awad, MA},
  school = {University of Western Australia},
  year   = {2005},
  type   = {{Trabajo Fin de Máster}},
  url    = {https://www.academia.edu/download/58993716/10.1.1.464.609020190422-13963-j0ju8a.pdf}
}

@phdthesis{rpo:tesis-2013,
  title  = {Accurate workload design for web performance evaluation},
  isbn   = {9788490480250},
  OPTurl    = {http://dx.doi.org/10.4995/Thesis/10251/21054},
  doi    = {10.4995/thesis/10251/21054},
  school = {Universitat Politècnica de València},
  author = {Peña Ortiz,  Raúl},
  year   = {2013},
  month = {1},
}

@software{angular,
  author   = {{Google}},
  title    = {{Angular}},
  year     = {2024},
  url      = {https://angular.io},
    note         = {Visitado en Mayo de 2025}
}

@software{terraform,
  author   = {{Hashicorp}},
  title    = {{Angular}},
  year     = {2024},
  url      = {https://developer.hashicorp.com/terraform},
   note         = {Visitado en Mayo de 2025}
}
@software{springboot,
  author   = {{VMware}},
  title    = {{Spring Boot}},
  year     = {2024},
  url      = {https://spring.io/projects/spring-boot},
    note         = {Visitado en Mayo de 2025}
}

@software{webflux,
  author   = {{VMware}},
  title    = {{Spring WebFlux}},
  year     = {2024},
  url      = {https://docs.spring.io/spring-framework/reference/web/webflux.html},
    note         = {Visitado en Mayo de 2025}
}
@software{springsecurity,
  author   = {{VMware}},
  title    = {{Spring Security}},
  year     = {2024},
  url      = {https://spring.io/projects/spring-security},
    note         = {Visitado en Mayo de 2025}
}

@software{docker,
  author   = {{Docker, Inc.}},
  title    = {{Docker}},
  year     = {2024},
  url      = {https://www.docker.com},
    note         = {Visitado en Mayo de 2025}
}

@software{kubernetes,
  author   = {{The Kubernetes Authors}},
  title    = {{Kubernetes}},
  year     = {2024},
  url      = {https://kubernetes.io},
    note         = {Visitado en Mayo de 2025}
}

@software{mongodb,
  author   = {{MongoDB, Inc.}},
  title    = {{MongoDB}},
  year     = {2024},
  url      = {https://www.mongodb.com},
    note         = {Visitado en Mayo de 2025}
}

@software{cassandra,
  author   = {{Apache Software Foundation}},
  title    = {{Apache Cassandra}},
  year     = {2024},
  url      = {https://cassandra.apache.org},
    note         = {Visitado en Mayo de 2025}
}

@software{postgresql,
  author   = {{PostgreSQL Global Development Group}},
  title    = {{PostgreSQL}},
  year     = {2024},
  url      = {https://www.postgresql.org},
    note         = {Visitado en Mayo de 2025}
}

@software{oracle,
  author   = {{Oracle}},
  title    = {{Oracle Database}},
  year     = {2024},
  url      = {https://www.oracle.com/es/database/},
    note         = {Visitado en Mayo de 2025}
}


@software{mariadb,
  author   = {{MariaDB}},
  title    = {{MariaDB}},
  year     = {2024},
  url      = {https://mariadb.org/},
    note         = {Visitado en Mayo de 2025}
}

@software{mysql,
  author   = {{Oracle}},
  title    = {{MySQL}},
  year     = {2024},
  url      = {https://www.mysql.com},
    note         = {Visitado en Mayo de 2025}
}

@software{redis,
  author   = {{Redis Ltd.}},
  title    = {{Redis}},
  year     = {2024},
  url      = {https://redis.io},
    note         = {Visitado en Mayo de 2025}
}

@software{react,
  author   = {{Meta}},
  title    = {{React}},
  year     = {2024},
  url      = {https://react.dev},
    note         = {Visitado en Mayo de 2025}
}

@software{nodejs,
  author   = {{OpenJS Foundation}},
  title    = {{Node.js}},
  year     = {2024},
  url      = {https://nodejs.org},
    note         = {Visitado en Mayo de 2025}
}

@software{express,
  author   = {{Express Contributors}},
  title    = {{Express}},
  year     = {2024},
  url      = {https://expressjs.com},
    note         = {Visitado en Mayo de 2025}
}

@software{memcached,
  author   = {{Danga Interactive}},
  title    = {{Memcached}},
  year     = {2024},
  url      = {https://memcached.org},
    note         = {Visitado en Mayo de 2025}
}
@online{airbnb,
  author    = {{Airbnb}},
  title     = {{Airbnb - Vacation Rentals, Cabins, Beach Houses, Unique Homes \& Experiences}},
  year      = {2024},
  url       = {https://www.airbnb.com},
    note         = {Visitado en Mayo de 2025}
}

@online{ruralka,
  author    = {{Ruralka}},
  title     = {{Ruralka - Hoteles con encanto en entornos rurales}},
  year      = {2024},
  url       = {https://www.ruralka.com},
    note         = {Visitado en Mayo de 2025}
}

@online{booking,
  author    = {{Booking.com}},
  title     = {{Booking.com | Official site | The best hotels, flights, car rentals \& accommodations}},
  year      = {2024},
  url       = {https://www.booking.com},
    note         = {Visitado en Mayo de 2025}
}

@online{komoot,
  author    = {{Koomot.com}},
  title     = {{Todo lo que necesitas para salir a explorar}},
  year      = {2024},
  url       = {https://www.komoot.com/es-es/features},
    note         = {Visitado en Mayo de 2025}
}

@misc{django,
  author    = {{Django Software Foundation}},
  title     = {{Django - The Web framework for perfectionists with deadlines}},
  year      = {2024},
  url       = {https://www.djangoproject.com},
    note         = {Visitado en Mayo de 2025}
}
@misc{lxc,
  author       = {LXC Project},
  title        = {Linux Containers (LXC)},
  year         = {2024},
  url          = {https://linuxcontainers.org/},
  note         = {Accedido el 26 de mayo de 2025}
}
@software{vscode,
  title        = {Visual Studio Code},
  howpublished = {\url{https://code.visualstudio.com/}},
  note         = {Versión utilizada para el desarrollo del proyecto},
  year         = 2025,
    note         = {Visitado en Mayo de 2025}
}

@software{github,
  title        = {GitHub},
  howpublished = {\url{https://github.com/}},
  note         = {Plataforma para gestión de versiones y colaboración},
  year         = 2025,
    note         = {Visitado en Mayo de 2025}
}

@software{plantuml,
  title        = {PlantUML - UML Tool},
  howpublished = {\url{https://plantuml.com/}},
  note         = {Herramienta para creación de diagramas UML mediante texto},
  year         = 2025,
    note         = {Visitado en Mayo de 2025}
}

@manual{latex,
  title        = {LaTeX: A Document Preparation System},
  author       = {Leslie Lamport},
  publisher    = {Addison-Wesley},
  year         = 1994,
  note         = {Sistema de composición tipográfica utilizado para la memoria},
  url          = {https://www.latex-project.org/}
}

@software{arara,
  title        = {arara: A TeX automation tool},
  howpublished = {\url{https://ctan.org/pkg/arara}},
  note         = {Herramienta para automatizar la compilación de documentos LaTeX},
  year         = 2025,
    note         = {Visitado en Mayo de 2025}
}

@manual{pgfgantt,
  title        = {pgfgantt – Gantt Charts with TikZ and PGF},
  howpublished = {\url{https://ctan.org/pkg/pgfgantt}},
  note         = {Paquete para crear diagramas de Gantt en LaTeX},
  year         = 2025,
    note         = {Visitado en Mayo de 2025}
}
@online{url.tuejar,
  author       = {{Ayuntamiento de Tuéjar}},
  title        = {Turismo Tuéjar},
  year         = {2025},
  howpublished = {\url{https://tuejarturismo.es/}},
     note         = {Visitado en Mayo de 2025}
}

@online{url.chelva,
  author       = {{Ayuntamiento de Chelva}},
  title        = {Turismo Chelva},
  year         = {2025},
  howpublished = {\url{https://www.turismochelva.es/}},
     note         = {Visitado en Mayo de 2025}
}

@online{url.aytuejar,
  author       = {{Ayuntamiento de Tuéjar}},
  title        = {Web oficial del Ayuntamiento de Tuéjar},
  year         = {2025},
  howpublished = {\url{https://www.tuejar.es/}},
     note         = {Visitado en Mayo de 2025}
}

@online{instagram-graph-api,
  author       = {{Meta Platforms Inc.}},
  title        = {Instagram Graph API},
  year         = {2025},
  howpublished = {\url{https://developers.facebook.com/docs/instagram-api/}},
   note         = {Visitado en Mayo de 2025}
}

@online{open-meteo-api,
  author       = {{Open-Meteo}},
  title        = {Open-Meteo API},
  year         = {2025},
  howpublished = {\url{https://open-meteo.com/}},
    note         = {Visitado en Mayo de 2025}
}

@online{aemet-api,
  author       = {{Agencia Estatal de Meteorología (AEMET)}},
  title        = {AEMET OpenData API},
  year         = {2025},
  howpublished = {\url{https://opendata.aemet.es/centrodedescargas/inicio}},
   note         = {Visitado en Mayo de 2025}
}

@online{planningpoker,
  author       = {Asana},
  title        = {Planning poker: la estrategia integral para la estimación ágil},
  year         = 2025,
  url          = {https://asana.com/es/resources/planning-poker},
  note         = {Visitado en Mayo de 2025}
}

@software{dockerswarm,
  author       = {Docker Inc.},
  title        = {Docker Swarm Overview},
  year         = {2024},
  url          = {https://docs.docker.com/engine/swarm/},
   note         = {Visitado en Mayo de 2025}
}


@software{flask,
  author   = {Flask},
  title    = {Flask},
  year     = {2024},
  month    = {feb},
  url      = {https://flask.palletsprojects.com/en/2.0.x/},
   note         = {Visitado en Mayo de 2025}
}

@software{aws-ref,
  author   = {Amazon Web Services},
  title    = {Amazon Web Services},
  year     = {2024},
  url      = {https://aws.amazon.com},
   note         = {Visitado en Mayo de 2025}
}

@software{azure-ref,
  author   = {Microsoft},
  title    = {Microsoft Azure},
  year     = {2024},
  url      = {https://azure.microsoft.com},
    note         = {Visitado en Mayo de 2025}
}

@software{gcp-ref,
  author   = {Google Cloud Platform},
  title    = {Google Cloud Platform},
  year     = {2024},
  url      = {https://cloud.google.com},
    note         = {Visitado en Mayo de 2025}
}

@software{vercel-ref,
  author   = {Vercel},
  title    = {Vercel},
  year     = {2024},
  url      = {https://vercel.com},
   note         = {Visitado en Mayo de 2025}
}

@software{netlify-ref,
  author   = {Netlify},
  title    = {Netlify},
  year     = {2024},
  url      = {https://www.netlify.com},
    note         = {Visitado en Mayo de 2025}
}

@software{render-ref,
  author   = {Render},
  title    = {Render},
  year     = {2024},
  url      = {https://render.com},
    note         = {Visitado en Mayo de 2025}
}

@software{firebase-ref,
  author   = {Firebase},
  title    = {Firebase},
  year     = {2024},
  url      = {https://firebase.google.com},
    note         = {Visitado en Mayo de 2025}
}
